@inproceedings{tectonic,
  author = {Satadru Pan and Theano Stavrinos and Yunqiao Zhang and Atul Sikaria and Pavel Zakharov and Abhinav Sharma and Shiva Shankar P and Mike Shuey and Richard Wareing and Monika Gangapuram and Guanglei Cao and Christian Preseau and Pratap Singh and Kestutis Patiejunas and JR Tipton and Ethan Katz-Bassett and Wyatt Lloyd},
  title = {Facebook's Tectonic Filesystem: Efficiency from Exascale},
  booktitle = {19th USENIX Conference on File and Storage Technologies (FAST 21)},
  year = {2021},
  isbn = {978-1-939133-20-5},
  pages = {217--231},
  url = {https://www.usenix.org/conference/fast21/presentation/pan},
  publisher = {USENIX Association},
  month = feb
}

@inproceedings{haystack,
  author = {Doug Beaver and Sanjeev Kumar and Harry C. Li and Jason Sobel and Peter Vajgel},
  title = {Finding a Needle in Haystack: Facebook's Photo Storage},
  booktitle = {9th USENIX Symposium on Operating Systems Design and Implementation (OSDI 10)},
  year = {2010},
  address = {Vancouver, BC},
  url = {https://www.usenix.org/conference/osdi10/finding-needle-haystack-facebooks-photo-storage},
  publisher = {USENIX Association},
  month = oct
}

@inproceedings{f4,
  title = {f4: Facebook's Warm BLOB Storage System},
  author = {Muralidhar Subramanian and Wyatt Lloyd and Sabyasachi Roy and Cory Hill and Ernest Lin and Weiwen Liu and Satadru Pan and Shiva Shankar and Sivakumar Viswanathan and Linpeng Tang and Sanjeev Kumar},
  booktitle = {USENIX Symposium on Operating Systems Design and Implementation},
  year = {2014},
  url = {https://api.semanticscholar.org/CorpusID:12035011}
}

@article{ReedSolomon1960,
  author = {I. S. Reed and G. Solomon},
  title = {Polynomial Codes Over Certain Finite Fields},
  journal = {Journal of the Society for Industrial and Applied Mathematics},
  volume = {8},
  number = {2},
  pages = {300--304},
  year = {1960},
  doi = {10.1137/0108018},
  url = {https://doi.org/10.1137/0108018}
}

@inproceedings{hdfs,
  author = {Shvachko, Konstantin and Kuang, Hairong and Radia, Sanjay and Chansler, Robert},
  title = {The Hadoop Distributed File System},
  booktitle = {2010 IEEE 26th Symposium on Mass Storage Systems and Technologies (MSST)},
  year = {2010},
  pages = {1--10},
  doi = {10.1109/MSST.2010.5496972}
}

@misc{hadoop_federation,
  author = {{The Apache Software Foundation}},
  title = {HDFS Federation},
  year = {2019},
  url = {https://hadoop.apache.org/docs/r2.6.3/hadoop-project-dist/hadoop-hdfs/Federation.html}
}

@inproceedings{azure,
  author = {Brad Calder and Ju Wang and Aaron Ogus and Niranjan Nilakantan and Arild Skjolsvold and Sam McKelvie and Yikang Xu and Shashwat Srivastav and Jiesheng Wu and Huseyin Simitci and Jaidev Haridas and Chakravarthy Uddaraju and Hemal Khatri and Andrew Edwards and Vaman Bedekar and Shane Mainali and Rafay Abbasi and Arpit Agarwal and Mian Fahim ul Haq and Muhammad Ikram ul Haq and Deepali Bhardwaj and Sowmya Dayanand and Anitha Adusumilli and Marvin McNett and Sriram Sankaran and Kavitha Manivannan and Leonidas Rigas},
  title = {Windows Azure Storage: A Highly Available Cloud Storage Service with Strong Consistency},
  booktitle = {Proceedings of the Twenty-Third ACM Symposium on Operating Systems Principles (SOSP '11)},
  year = {2011},
  isbn = {9781450309776},
  pages = {143--157},
  doi = {10.1145/2043556.2043571},
  url = {https://doi.org/10.1145/2043556.2043571}
}

@inproceedings{ceph,
  author = {Sage A. Weil and Scott A. Brandt and Ethan L. Miller and Darrell D. E. Long and Carlos Maltzahn},
  title = {Ceph: A Scalable, High-Performance Distributed File System},
  booktitle = {7th USENIX Symposium on Operating Systems Design and Implementation (OSDI 06)},
  year = {2006},
  address = {Seattle, WA},
  url = {https://www.usenix.org/conference/osdi-06/ceph-scalable-high-performance-distributed-file-system},
  publisher = {USENIX Association},
  month = nov
}

@inproceedings{fds,
  author = {Ed Nightingale and Jeremy Elson and Jinliang Fan and Owen Hofmann and Jon Howell and Yutaka Suzue},
  title = {Flat Datacenter Storage},
  booktitle = {Proceedings of the 10th USENIX Symposium on Operating Systems Design and Implementation (OSDI '12)},
  year = {2012},
  month = {October},
  url = {https://www.microsoft.com/en-us/research/publication/flat-datacenter-storage/}
}

@misc{zippydb,
  author = {M. Annamalai},
  title = {ZippyDB - A Distributed Key-Value Store},
  year = {2015},
  howpublished = {\url{https://www.youtube.com/embed/ZRP7z0HnClc}}
}

@misc{rocksdb,
  author = {Facebook Open Source},
  title = {RocksDB},
  year = {2020},
  howpublished = {\url{https://rocksdb.org/}}
}

@article{paxos,
  author = {Leslie Lamport},
  title = {The Part-Time Parliament},
  journal = {ACM Transactions on Computer Systems},
  volume = {16},
  number = {2},
  pages = {133--169},
  year = {1998},
  doi = {10.1145/279227.279229},
  url = {https://doi.org/10.1145/279227.279229}
}

@inproceedings {copyset,
author = {Asaf Cidon and Stephen Rumble and Ryan Stutsman and Sachin Katti and John Ousterhout and Mendel Rosenblum},
title = {Copysets: Reducing the Frequency of Data Loss in Cloud Storage},
booktitle = {2013 USENIX Annual Technical Conference (USENIX ATC 13)},
year = {2013},
isbn = {978-1-931971-01-0},
address = {San Jose, CA},
pages = {37--48},
url = {https://www.usenix.org/conference/atc13/technical-sessions/presentation/cidon},
publisher = {USENIX Association},
month = jun
}

@misc{Borgmon,
  title = {BorgmonTSDB},
  howpublished = {\url{https://sre.google/sre-book/practical-alerting/}}
}

@proceedings{50652,title	= {Monarch: Google's Planet-Scale In-Memory Time Series Database},editor	= {Colin Adams and Luis Alonso and Ben Atkin and John P. Banning and Sumeer Bhola and Rick Buskens and Ming Chen and Xi Chen and Yoo Chung and Qin Jia and Nick Sakharov and George T. Talbot and Adam Jacob Tart and Nick Taylor},year	= {2020},booktitle	= {Proceedings of the VLDB Endowment},pages	= {3181â€“3194}}